%% This BibTeX bibliography file was created using BibDesk.
%% https://bibdesk.sourceforge.io/

%% Created for YiFei Huang at 2022-11-28 00:10:19 +0800 


%% Saved with string encoding Unicode (UTF-8) 



@electronic{googletest,
	author = {GoogleTest},
	date-added = {2022-11-27 23:46:55 +0800},
	date-modified = {2022-11-28 00:06:56 +0800},
	keywords = {googletest},
	title = {Assertions - https://google.github.io/googletest/primer.html\#assertions}}

@electronic{nag,
	author = {The Numerical Algorithms Group Ltd. 2022},
	date-modified = {2022-11-28 00:10:18 +0800},
	keywords = {NAG CL Interface, E04 (Opt), Minimizing or Maximizing a Function},
	publisher = {The Numerical Algorithms Group Ltd. 2022},
	title = {Introduction to Optimization-https://www.nag.com/numeric/nl/nagdoc\_latest/flhtml/e04/e04intro.html\#background},
	url = {https://www.nag.com/numeric/nl/nagdoc_latest/flhtml/e04/e04intro.html#background},
	bdsk-url-1 = {https://www.nag.com/numeric/nl/nagdoc_latest/clhtml/e04/e04intro.html}}
